%YAML 1.1
%TAG !u! tag:unity3d.com,2011:
--- !u!29 &1
SceneSettings:
  m_ObjectHideFlags: 0
  m_PVSData: 
  m_PVSObjectsArray: []
  m_PVSPortalsArray: []
  m_OcclusionBakeSettings:
    smallestOccluder: 5
    smallestHole: .25
    backfaceThreshold: 100
--- !u!104 &2
RenderSettings:
  m_Fog: 0
  m_FogColor: {r: .5, g: .5, b: .5, a: 1}
  m_FogMode: 3
  m_FogDensity: .00999999978
  m_LinearFogStart: 0
  m_LinearFogEnd: 300
  m_AmbientLight: {r: .200000003, g: .200000003, b: .200000003, a: 1}
  m_SkyboxMaterial: {fileID: 0}
  m_HaloStrength: .5
  m_FlareStrength: 1
  m_FlareFadeSpeed: 3
  m_HaloTexture: {fileID: 0}
  m_SpotCookie: {fileID: 0}
  m_ObjectHideFlags: 0
--- !u!127 &3
LevelGameManager:
  m_ObjectHideFlags: 0
--- !u!157 &4
LightmapSettings:
  m_ObjectHideFlags: 0
  m_LightProbes: {fileID: 0}
  m_Lightmaps: []
  m_LightmapsMode: 1
  m_BakedColorSpace: 0
  m_UseDualLightmapsInForward: 0
  m_LightmapEditorSettings:
    m_Resolution: 50
    m_LastUsedResolution: 0
    m_TextureWidth: 1024
    m_TextureHeight: 1024
    m_BounceBoost: 1
    m_BounceIntensity: 1
    m_SkyLightColor: {r: .860000014, g: .930000007, b: 1, a: 1}
    m_SkyLightIntensity: 0
    m_Quality: 0
    m_Bounces: 1
    m_FinalGatherRays: 1000
    m_FinalGatherContrastThreshold: .0500000007
    m_FinalGatherGradientThreshold: 0
    m_FinalGatherInterpolationPoints: 15
    m_AOAmount: 0
    m_AOMaxDistance: .100000001
    m_AOContrast: 1
    m_LODSurfaceMappingDistance: 1
    m_Padding: 0
    m_TextureCompression: 0
    m_LockAtlas: 0
--- !u!196 &5
NavMeshSettings:
  m_ObjectHideFlags: 0
  m_BuildSettings:
    agentRadius: .5
    agentHeight: 2
    agentSlope: 45
    agentClimb: .400000006
    ledgeDropHeight: 0
    maxJumpAcrossDistance: 0
    accuratePlacement: 0
    minRegionArea: 2
    widthInaccuracy: 16.666666
    heightInaccuracy: 10
  m_NavMesh: {fileID: 0}
--- !u!1001 &77093989
Prefab:
  m_ObjectHideFlags: 0
  serializedVersion: 2
  m_Modification:
    m_TransformParent: {fileID: 0}
    m_Modifications:
    - target: {fileID: 400002, guid: 9d4133d5d30b644bd87802a347eaccbe, type: 2}
      propertyPath: m_LocalPosition.x
      value: 5
      objectReference: {fileID: 0}
    - target: {fileID: 400002, guid: 9d4133d5d30b644bd87802a347eaccbe, type: 2}
      propertyPath: m_LocalPosition.y
      value: 3.25786257
      objectReference: {fileID: 0}
    - target: {fileID: 400002, guid: 9d4133d5d30b644bd87802a347eaccbe, type: 2}
      propertyPath: m_LocalPosition.z
      value: 5
      objectReference: {fileID: 0}
    - target: {fileID: 400002, guid: 9d4133d5d30b644bd87802a347eaccbe, type: 2}
      propertyPath: m_LocalRotation.x
      value: 0
      objectReference: {fileID: 0}
    - target: {fileID: 400002, guid: 9d4133d5d30b644bd87802a347eaccbe, type: 2}
      propertyPath: m_LocalRotation.y
      value: 0
      objectReference: {fileID: 0}
    - target: {fileID: 400002, guid: 9d4133d5d30b644bd87802a347eaccbe, type: 2}
      propertyPath: m_LocalRotation.z
      value: 0
      objectReference: {fileID: 0}
    - target: {fileID: 400002, guid: 9d4133d5d30b644bd87802a347eaccbe, type: 2}
      propertyPath: m_LocalRotation.w
      value: 1
      objectReference: {fileID: 0}
    - target: {fileID: 100002, guid: 9d4133d5d30b644bd87802a347eaccbe, type: 2}
      propertyPath: m_TagString
      value: PlayerCamera
      objectReference: {fileID: 0}
    m_RemovedComponents:
    - {fileID: 11400004, guid: 9d4133d5d30b644bd87802a347eaccbe, type: 2}
    - {fileID: 11400002, guid: 9d4133d5d30b644bd87802a347eaccbe, type: 2}
  m_ParentPrefab: {fileID: 100100000, guid: 9d4133d5d30b644bd87802a347eaccbe, type: 2}
  m_RootGameObject: {fileID: 1875409039}
  m_IsPrefabParent: 0
  m_IsExploded: 1
--- !u!1 &118623922
GameObject:
  m_ObjectHideFlags: 0
  m_PrefabParentObject: {fileID: 100004, guid: 9d4133d5d30b644bd87802a347eaccbe, type: 2}
  m_PrefabInternal: {fileID: 77093989}
  serializedVersion: 4
  m_Component:
  - 4: {fileID: 118623924}
  - 20: {fileID: 118623923}
  - 92: {fileID: 118623928}
  - 124: {fileID: 118623927}
  - 114: {fileID: 118623926}
  - 81: {fileID: 118623925}
  m_Layer: 0
  m_Name: Main Camera
  m_TagString: MainCamera
  m_Icon: {fileID: 0}
  m_NavMeshLayer: 0
  m_StaticEditorFlags: 0
  m_IsActive: 1
--- !u!20 &118623923
Camera:
  m_ObjectHideFlags: 0
  m_PrefabParentObject: {fileID: 2000000, guid: 9d4133d5d30b644bd87802a347eaccbe,
    type: 2}
  m_PrefabInternal: {fileID: 77093989}
  m_GameObject: {fileID: 118623922}
  m_Enabled: 1
  serializedVersion: 2
  m_ClearFlags: 1
  m_BackGroundColor: {r: .19166474, g: .301966369, b: .474509805, a: 1}
  m_NormalizedViewPortRect:
    serializedVersion: 2
    x: 0
    y: 0
    width: 1
    height: 1
  near clip plane: .300000012
  far clip plane: 1000
  field of view: 60
  orthographic: 0
  orthographic size: 100
  m_Depth: 0
  m_CullingMask:
    serializedVersion: 2
    m_Bits: 4294967295
  m_RenderingPath: -1
  m_TargetTexture: {fileID: 0}
  m_HDR: 0
  m_OcclusionCulling: 1
--- !u!4 &118623924
Transform:
  m_ObjectHideFlags: 0
  m_PrefabParentObject: {fileID: 400004, guid: 9d4133d5d30b644bd87802a347eaccbe, type: 2}
  m_PrefabInternal: {fileID: 77093989}
  m_GameObject: {fileID: 118623922}
  m_LocalRotation: {x: 0, y: 0, z: 0, w: 1}
  m_LocalPosition: {x: 0, y: .907083511, z: 0}
  m_LocalScale: {x: 1, y: 1, z: 1}
  m_Children: []
  m_Father: {fileID: 1875409044}
--- !u!81 &118623925
AudioListener:
  m_ObjectHideFlags: 0
  m_PrefabParentObject: {fileID: 8100000, guid: 9d4133d5d30b644bd87802a347eaccbe,
    type: 2}
  m_PrefabInternal: {fileID: 77093989}
  m_GameObject: {fileID: 118623922}
  m_Enabled: 1
--- !u!114 &118623926
MonoBehaviour:
  m_ObjectHideFlags: 0
  m_PrefabParentObject: {fileID: 11400006, guid: 9d4133d5d30b644bd87802a347eaccbe,
    type: 2}
  m_PrefabInternal: {fileID: 77093989}
  m_GameObject: {fileID: 118623922}
  m_Enabled: 1
  m_EditorHideFlags: 0
  m_Script: {fileID: 11500000, guid: 68ec2fe99d1108b9d0006a298d76c639, type: 3}
  m_Name: 
  m_EditorClassIdentifier: 
  axes: 2
  sensitivityX: 10
  sensitivityY: 10
  minimumX: 0
  maximumX: 360
  minimumY: -60
  maximumY: 60
--- !u!124 &118623927
Behaviour:
  m_ObjectHideFlags: 0
  m_PrefabParentObject: {fileID: 12400000, guid: 9d4133d5d30b644bd87802a347eaccbe,
    type: 2}
  m_PrefabInternal: {fileID: 77093989}
  m_GameObject: {fileID: 118623922}
  m_Enabled: 1
--- !u!92 &118623928
Behaviour:
  m_ObjectHideFlags: 0
  m_PrefabParentObject: {fileID: 9200000, guid: 9d4133d5d30b644bd87802a347eaccbe,
    type: 2}
  m_PrefabInternal: {fileID: 77093989}
  m_GameObject: {fileID: 118623922}
  m_Enabled: 1
--- !u!1 &563540612
GameObject:
  m_ObjectHideFlags: 0
  m_PrefabParentObject: {fileID: 0}
  m_PrefabInternal: {fileID: 0}
  serializedVersion: 4
  m_Component:
  - 4: {fileID: 563540614}
  - 114: {fileID: 563540613}
  m_Layer: 0
  m_Name: Spawner
  m_TagString: Untagged
  m_Icon: {fileID: 0}
  m_NavMeshLayer: 0
  m_StaticEditorFlags: 0
  m_IsActive: 1
--- !u!114 &563540613
MonoBehaviour:
  m_ObjectHideFlags: 0
  m_PrefabParentObject: {fileID: 0}
  m_PrefabInternal: {fileID: 0}
  m_GameObject: {fileID: 563540612}
  m_Enabled: 1
  m_EditorHideFlags: 0
  m_Script: {fileID: 11500000, guid: 10fdf5e949837f243ac66792ec8bbf1a, type: 3}
  m_Name: 
  m_EditorClassIdentifier: 
  TowerRadius: 0
  SpawnRadius: 0
  NbSpawnPoints: 0
  EnemyPrefab_Standard: {fileID: 100000, guid: b7d505e14c3f3714682cb813311a209f, type: 2}
--- !u!4 &563540614
Transform:
  m_ObjectHideFlags: 0
  m_PrefabParentObject: {fileID: 0}
  m_PrefabInternal: {fileID: 0}
  m_GameObject: {fileID: 563540612}
  m_LocalRotation: {x: 0, y: 0, z: 0, w: 1}
  m_LocalPosition: {x: -8.00482368, y: -.0761558414, z: -1.49011612e-08}
  m_LocalScale: {x: 1, y: 1, z: 1}
  m_Children: []
  m_Father: {fileID: 0}
--- !u!1 &607684642
GameObject:
  m_ObjectHideFlags: 0
  m_PrefabParentObject: {fileID: 0}
  m_PrefabInternal: {fileID: 0}
  serializedVersion: 4
  m_Component:
  - 4: {fileID: 607684643}
  - 114: {fileID: 607684644}
  m_Layer: 0
  m_Name: GameController
  m_TagString: Untagged
  m_Icon: {fileID: 0}
  m_NavMeshLayer: 0
  m_StaticEditorFlags: 0
  m_IsActive: 1
--- !u!4 &607684643
Transform:
  m_ObjectHideFlags: 0
  m_PrefabParentObject: {fileID: 0}
  m_PrefabInternal: {fileID: 0}
  m_GameObject: {fileID: 607684642}
  m_LocalRotation: {x: 0, y: 0, z: 0, w: 1}
  m_LocalPosition: {x: 0, y: 0, z: 0}
  m_LocalScale: {x: 1, y: 1, z: 1}
  m_Children: []
  m_Father: {fileID: 0}
--- !u!114 &607684644
MonoBehaviour:
  m_ObjectHideFlags: 0
  m_PrefabParentObject: {fileID: 0}
  m_PrefabInternal: {fileID: 0}
  m_GameObject: {fileID: 607684642}
  m_Enabled: 1
  m_EditorHideFlags: 0
  m_Script: {fileID: 11500000, guid: dc936a45f688c409389908a6861c3396, type: 3}
  m_Name: 
  m_EditorClassIdentifier: 
  spawnController: {fileID: 563540612}
  towerBuilder: {fileID: 1970478792}
  firstPersonView: {fileID: 118623923}
  BuildPhaseCamera: {fileID: 1400831378}
  FirstPersonController: {fileID: 1875409039}
  crosshairTexture: {fileID: 2800000, guid: 5bc7b957d20304e838e53a7c199e83d0, type: 3}
--- !u!1 &933874763
GameObject:
  m_ObjectHideFlags: 0
  m_PrefabParentObject: {fileID: 0}
  m_PrefabInternal: {fileID: 0}
  serializedVersion: 4
  m_Component:
  - 4: {fileID: 933874767}
  - 33: {fileID: 933874766}
  - 64: {fileID: 933874765}
  - 23: {fileID: 933874764}
  m_Layer: 0
  m_Name: Plane
  m_TagString: Untagged
  m_Icon: {fileID: 0}
  m_NavMeshLayer: 0
  m_StaticEditorFlags: 0
  m_IsActive: 1
--- !u!23 &933874764
Renderer:
  m_ObjectHideFlags: 0
  m_PrefabParentObject: {fileID: 0}
  m_PrefabInternal: {fileID: 0}
  m_GameObject: {fileID: 933874763}
  m_Enabled: 1
  m_CastShadows: 1
  m_ReceiveShadows: 1
  m_LightmapIndex: 255
  m_LightmapTilingOffset: {x: 1, y: 1, z: 0, w: 0}
  m_Materials:
  - {fileID: 2100000, guid: d9f73723da1884f52b8f13fd4964300a, type: 2}
  m_SubsetIndices: 
  m_StaticBatchRoot: {fileID: 0}
  m_UseLightProbes: 0
  m_LightProbeAnchor: {fileID: 0}
  m_ScaleInLightmap: 1
  m_SortingLayer: 0
  m_SortingOrder: 0
  m_SortingLayerID: 0
--- !u!64 &933874765
MeshCollider:
  m_ObjectHideFlags: 0
  m_PrefabParentObject: {fileID: 0}
  m_PrefabInternal: {fileID: 0}
  m_GameObject: {fileID: 933874763}
  m_Material: {fileID: 0}
  m_IsTrigger: 0
  m_Enabled: 1
  serializedVersion: 2
  m_SmoothSphereCollisions: 0
  m_Convex: 0
  m_Mesh: {fileID: 10209, guid: 0000000000000000e000000000000000, type: 0}
--- !u!33 &933874766
MeshFilter:
  m_ObjectHideFlags: 0
  m_PrefabParentObject: {fileID: 0}
  m_PrefabInternal: {fileID: 0}
  m_GameObject: {fileID: 933874763}
  m_Mesh: {fileID: 10209, guid: 0000000000000000e000000000000000, type: 0}
--- !u!4 &933874767
Transform:
  m_ObjectHideFlags: 0
  m_PrefabParentObject: {fileID: 0}
  m_PrefabInternal: {fileID: 0}
  m_GameObject: {fileID: 933874763}
  m_LocalRotation: {x: 0, y: 0, z: 0, w: 1}
  m_LocalPosition: {x: 0, y: 0, z: 0}
  m_LocalScale: {x: 100, y: 100, z: 100}
  m_Children: []
  m_Father: {fileID: 0}
--- !u!1 &1101990294
GameObject:
  m_ObjectHideFlags: 0
  m_PrefabParentObject: {fileID: 100000, guid: 9d4133d5d30b644bd87802a347eaccbe, type: 2}
  m_PrefabInternal: {fileID: 77093989}
  serializedVersion: 4
  m_Component:
  - 4: {fileID: 1101990295}
  - 33: {fileID: 1101990297}
  - 23: {fileID: 1101990296}
  m_Layer: 0
  m_Name: Graphics
  m_TagString: Untagged
  m_Icon: {fileID: 0}
  m_NavMeshLayer: 0
  m_StaticEditorFlags: 0
  m_IsActive: 1
--- !u!4 &1101990295
Transform:
  m_ObjectHideFlags: 0
  m_PrefabParentObject: {fileID: 400000, guid: 9d4133d5d30b644bd87802a347eaccbe, type: 2}
  m_PrefabInternal: {fileID: 77093989}
  m_GameObject: {fileID: 1101990294}
  m_LocalRotation: {x: -0, y: 0, z: 0, w: 1}
  m_LocalPosition: {x: 0, y: 0, z: 0}
  m_LocalScale: {x: .400000006, y: .5, z: .400000006}
  m_Children: []
  m_Father: {fileID: 1875409044}
--- !u!23 &1101990296
Renderer:
  m_ObjectHideFlags: 0
  m_PrefabParentObject: {fileID: 2300000, guid: 9d4133d5d30b644bd87802a347eaccbe,
    type: 2}
  m_PrefabInternal: {fileID: 77093989}
  m_GameObject: {fileID: 1101990294}
  m_Enabled: 1
  m_CastShadows: 0
  m_ReceiveShadows: 0
  m_LightmapIndex: 255
  m_LightmapTilingOffset: {x: 1, y: 1, z: 0, w: 0}
  m_Materials:
  - {fileID: 10302, guid: 0000000000000000f000000000000000, type: 0}
  m_SubsetIndices: 
  m_StaticBatchRoot: {fileID: 0}
  m_UseLightProbes: 0
  m_LightProbeAnchor: {fileID: 0}
  m_ScaleInLightmap: 1
  m_SortingLayer: 0
  m_SortingOrder: 0
  m_SortingLayerID: 0
--- !u!33 &1101990297
MeshFilter:
  m_ObjectHideFlags: 0
  m_PrefabParentObject: {fileID: 3300000, guid: 9d4133d5d30b644bd87802a347eaccbe,
    type: 2}
  m_PrefabInternal: {fileID: 77093989}
  m_GameObject: {fileID: 1101990294}
  m_Mesh: {fileID: 10205, guid: 0000000000000000e000000000000000, type: 0}
--- !u!1 &1400831377
GameObject:
  m_ObjectHideFlags: 0
  m_PrefabParentObject: {fileID: 0}
  m_PrefabInternal: {fileID: 0}
  serializedVersion: 4
  m_Component:
  - 4: {fileID: 1400831382}
  - 20: {fileID: 1400831378}
  - 124: {fileID: 1400831381}
  - 92: {fileID: 1400831380}
  m_Layer: 0
  m_Name: Camera
  m_TagString: OverviewCamera
  m_Icon: {fileID: 0}
  m_NavMeshLayer: 0
  m_StaticEditorFlags: 0
  m_IsActive: 1
--- !u!20 &1400831378
Camera:
  m_ObjectHideFlags: 0
  m_PrefabParentObject: {fileID: 0}
  m_PrefabInternal: {fileID: 0}
  m_GameObject: {fileID: 1400831377}
  m_Enabled: 1
  serializedVersion: 2
  m_ClearFlags: 1
  m_BackGroundColor: {r: .192156866, g: .301960796, b: .474509805, a: .0196078438}
  m_NormalizedViewPortRect:
    serializedVersion: 2
    x: 0
    y: 0
    width: 1
    height: 1
  near clip plane: .300000012
  far clip plane: 1000
  field of view: 60
  orthographic: 0
  orthographic size: 5
  m_Depth: 0
  m_CullingMask:
    serializedVersion: 2
    m_Bits: 4294967295
  m_RenderingPath: -1
  m_TargetTexture: {fileID: 0}
  m_HDR: 0
  m_OcclusionCulling: 1
--- !u!92 &1400831380
Behaviour:
  m_ObjectHideFlags: 0
  m_PrefabParentObject: {fileID: 0}
  m_PrefabInternal: {fileID: 0}
  m_GameObject: {fileID: 1400831377}
  m_Enabled: 1
--- !u!124 &1400831381
Behaviour:
  m_ObjectHideFlags: 0
  m_PrefabParentObject: {fileID: 0}
  m_PrefabInternal: {fileID: 0}
  m_GameObject: {fileID: 1400831377}
  m_Enabled: 1
--- !u!4 &1400831382
Transform:
  m_ObjectHideFlags: 0
  m_PrefabParentObject: {fileID: 0}
  m_PrefabInternal: {fileID: 0}
  m_GameObject: {fileID: 1400831377}
  m_LocalRotation: {x: .239117637, y: .369643837, z: -.0990457758, w: .892399073}
  m_LocalPosition: {x: -20, y: 20, z: -20}
  m_LocalScale: {x: 1, y: 1, z: 1}
  m_Children: []
  m_Father: {fileID: 0}
--- !u!1 &1503687398
GameObject:
  m_ObjectHideFlags: 0
  m_PrefabParentObject: {fileID: 0}
  m_PrefabInternal: {fileID: 0}
  serializedVersion: 4
  m_Component:
  - 4: {fileID: 1503687400}
  - 108: {fileID: 1503687399}
  m_Layer: 0
  m_Name: Directional light
  m_TagString: Untagged
  m_Icon: {fileID: 0}
  m_NavMeshLayer: 0
  m_StaticEditorFlags: 0
  m_IsActive: 1
--- !u!108 &1503687399
Light:
  m_ObjectHideFlags: 0
  m_PrefabParentObject: {fileID: 0}
  m_PrefabInternal: {fileID: 0}
  m_GameObject: {fileID: 1503687398}
  m_Enabled: 1
  serializedVersion: 3
  m_Type: 1
  m_Color: {r: 1, g: 1, b: 1, a: 1}
  m_Intensity: .5
  m_Range: 10
  m_SpotAngle: 30
  m_CookieSize: 10
  m_Shadows:
    m_Type: 0
    m_Resolution: -1
    m_Strength: 1
    m_Bias: .0500000007
    m_Softness: 4
    m_SoftnessFade: 1
  m_Cookie: {fileID: 0}
  m_DrawHalo: 0
  m_ActuallyLightmapped: 0
  m_Flare: {fileID: 0}
  m_RenderMode: 0
  m_CullingMask:
    serializedVersion: 2
    m_Bits: 4294967295
  m_Lightmapping: 1
  m_ShadowSamples: 1
  m_ShadowRadius: 0
  m_ShadowAngle: 0
  m_IndirectIntensity: 1
  m_AreaSize: {x: 1, y: 1}
--- !u!4 &1503687400
Transform:
  m_ObjectHideFlags: 0
  m_PrefabParentObject: {fileID: 0}
  m_PrefabInternal: {fileID: 0}
  m_GameObject: {fileID: 1503687398}
  m_LocalRotation: {x: .408217937, y: -.234569728, z: .109381676, w: .875426054}
  m_LocalPosition: {x: 10000, y: 1000, z: 1000}
  m_LocalScale: {x: 1, y: 1, z: 1}
  m_Children: []
  m_Father: {fileID: 0}
--- !u!1 &1875409039
GameObject:
  m_ObjectHideFlags: 0
  m_PrefabParentObject: {fileID: 100002, guid: 9d4133d5d30b644bd87802a347eaccbe, type: 2}
  m_PrefabInternal: {fileID: 77093989}
  serializedVersion: 4
  m_Component:
  - 4: {fileID: 1875409044}
  - 143: {fileID: 1875409043}
  - 114: {fileID: 1875409042}
  - 114: {fileID: 1875409045}
  - 114: {fileID: 1875409041}
  - 114: {fileID: 1875409040}
  - 114: {fileID: 1875409046}
  m_Layer: 0
  m_Name: First Person Controller
  m_TagString: PlayerCamera
  m_Icon: {fileID: 0}
  m_NavMeshLayer: 0
  m_StaticEditorFlags: 0
  m_IsActive: 1
--- !u!114 &1875409040
MonoBehaviour:
  m_ObjectHideFlags: 0
  m_PrefabParentObject: {fileID: 0}
  m_PrefabInternal: {fileID: 0}
  m_GameObject: {fileID: 1875409039}
  m_Enabled: 1
  m_EditorHideFlags: 0
  m_Script: {fileID: 11500000, guid: 420f5e3e5c4d848a59bfb15be39f2125, type: 3}
  m_Name: 
  m_EditorClassIdentifier: 
--- !u!114 &1875409041
MonoBehaviour:
  m_ObjectHideFlags: 0
  m_PrefabParentObject: {fileID: 0}
  m_PrefabInternal: {fileID: 0}
  m_GameObject: {fileID: 1875409039}
  m_Enabled: 1
  m_EditorHideFlags: 0
  m_Script: {fileID: 11500000, guid: fd46f2ed8288e404da954e1775ff71b0, type: 3}
  m_Name: 
  m_EditorClassIdentifier: 
  canControl: 1
  movement:
    maxForwardSpeed: 3
    maxSidewaysSpeed: 2
    maxBackwardsSpeed: 2
    slopeSpeedMultiplier:
      serializedVersion: 2
      m_Curve:
      - time: -90
        value: 1
        inSlope: 0
        outSlope: 0
        tangentMode: 0
      - time: 0
        value: 1
        inSlope: 0
        outSlope: 0
        tangentMode: 0
      - time: 90
        value: 0
        inSlope: 0
        outSlope: 0
        tangentMode: 0
      m_PreInfinity: 2
      m_PostInfinity: 2
    maxGroundAcceleration: 30
    maxAirAcceleration: 20
    gravity: 9.81000042
    maxFallSpeed: 20
  jumping:
    enabled: 1
    baseHeight: 1
    extraHeight: 4.0999999
    perpAmount: 0
    steepPerpAmount: .5
  movingPlatform:
    enabled: 1
    movementTransfer: 2
  sliding:
    enabled: 1
    slidingSpeed: 15
    sidewaysControl: 1
    speedControl: .400000006
--- !u!114 &1875409042
MonoBehaviour:
  m_ObjectHideFlags: 0
  m_PrefabParentObject: {fileID: 11400000, guid: 9d4133d5d30b644bd87802a347eaccbe,
    type: 2}
  m_PrefabInternal: {fileID: 77093989}
  m_GameObject: {fileID: 1875409039}
  m_Enabled: 1
  m_EditorHideFlags: 0
  m_Script: {fileID: 11500000, guid: 68ec2fe99d1108b9d0006a298d76c639, type: 3}
  m_Name: 
  m_EditorClassIdentifier: 
  axes: 1
  sensitivityX: 15
  sensitivityY: 0
  minimumX: -360
  maximumX: 360
  minimumY: 0
  maximumY: 0
--- !u!143 &1875409043
CharacterController:
  m_ObjectHideFlags: 0
  m_PrefabParentObject: {fileID: 14300000, guid: 9d4133d5d30b644bd87802a347eaccbe,
    type: 2}
  m_PrefabInternal: {fileID: 77093989}
  m_GameObject: {fileID: 1875409039}
  serializedVersion: 2
  m_Height: 2
  m_Radius: .400000006
  m_SlopeLimit: 45
  m_StepOffset: .400000006
  m_SkinWidth: .0500000007
  m_MinMoveDistance: 0
  m_Center: {x: 0, y: 0, z: 0}
--- !u!4 &1875409044
Transform:
  m_ObjectHideFlags: 0
  m_PrefabParentObject: {fileID: 400002, guid: 9d4133d5d30b644bd87802a347eaccbe, type: 2}
  m_PrefabInternal: {fileID: 77093989}
  m_GameObject: {fileID: 1875409039}
  m_LocalRotation: {x: 0, y: 0, z: 0, w: 1}
  m_LocalPosition: {x: 5, y: 3.25786257, z: 5}
  m_LocalScale: {x: 1, y: 1, z: 1}
  m_Children:
  - {fileID: 1101990295}
  - {fileID: 118623924}
  m_Father: {fileID: 0}
--- !u!114 &1875409045
MonoBehaviour:
  m_ObjectHideFlags: 0
  m_PrefabParentObject: {fileID: 11400008, guid: 9d4133d5d30b644bd87802a347eaccbe,
    type: 2}
  m_PrefabInternal: {fileID: 77093989}
  m_GameObject: {fileID: 1875409039}
  m_Enabled: 1
  m_EditorHideFlags: 0
  m_Script: {fileID: 11500000, guid: fd46f2ed8288e404da954e1775ff71b0, type: 3}
  m_Name: 
  m_EditorClassIdentifier: 
  canControl: 1
  movement:
    maxForwardSpeed: 3
    maxSidewaysSpeed: 2
    maxBackwardsSpeed: 2
    slopeSpeedMultiplier:
      serializedVersion: 2
      m_Curve:
      - time: -90
        value: 1
        inSlope: 0
        outSlope: 0
        tangentMode: 0
      - time: 0
        value: 1
        inSlope: 0
        outSlope: 0
        tangentMode: 0
      - time: 90
        value: 0
        inSlope: 0
        outSlope: 0
        tangentMode: 0
      m_PreInfinity: 2
      m_PostInfinity: 2
    maxGroundAcceleration: 30
    maxAirAcceleration: 20
    gravity: 9.81000042
    maxFallSpeed: 20
  jumping:
    enabled: 1
    baseHeight: 1
    extraHeight: 4.0999999
    perpAmount: 0
    steepPerpAmount: .5
  movingPlatform:
    enabled: 1
    movementTransfer: 2
  sliding:
    enabled: 1
    slidingSpeed: 15
    sidewaysControl: 1
    speedControl: .400000006
--- !u!114 &1875409046
MonoBehaviour:
  m_ObjectHideFlags: 0
  m_PrefabParentObject: {fileID: 0}
  m_PrefabInternal: {fileID: 0}
  m_GameObject: {fileID: 1875409039}
  m_Enabled: 1
  m_EditorHideFlags: 0
  m_Script: {fileID: 11500000, guid: 004f71c60292e45aa96fca1a8de14102, type: 3}
  m_Name: 
  m_EditorClassIdentifier: 
  PlayerBulletPrefab: {fileID: 100004, guid: 95e1625760e7f4a26a15b080977646f0, type: 2}
  startHealth: 0
  CooldownTime: .100000001
--- !u!1 &1970478792
GameObject:
  m_ObjectHideFlags: 0
  m_PrefabParentObject: {fileID: 0}
  m_PrefabInternal: {fileID: 0}
  serializedVersion: 4
  m_Component:
  - 4: {fileID: 1970478794}
  - 114: {fileID: 1970478793}
  m_Layer: 0
  m_Name: TowerBuilder
  m_TagString: Untagged
  m_Icon: {fileID: 0}
  m_NavMeshLayer: 0
  m_StaticEditorFlags: 0
  m_IsActive: 1
--- !u!114 &1970478793
MonoBehaviour:
  m_ObjectHideFlags: 0
  m_PrefabParentObject: {fileID: 0}
  m_PrefabInternal: {fileID: 0}
  m_GameObject: {fileID: 1970478792}
  m_Enabled: 1
  m_EditorHideFlags: 0
  m_Script: {fileID: 11500000, guid: 5c611af774f5749b08c59cfe6e2c82f1, type: 3}
  m_Name: 
  m_EditorClassIdentifier: 
  smokeParticle: {fileID: 19800000, guid: 996977739bcc6e34b9de8bdf11ed3ad7, type: 2}
  towerElement1: {fileID: 100000, guid: 6e2eb1c16c9894fe59dc54284ad7d4b9, type: 2}
  towerElement2: {fileID: 100000, guid: cbfb72672f5cc427798215f176fb009a, type: 2}
  towerElement3: {fileID: 100000, guid: 507cdd03b24484429a7001306511234f, type: 2}
  towerElement4: {fileID: 100000, guid: e41b412fbf0db4938bbb939b39a4905b, type: 2}
  toggle: 0
  readyForNextWave: 0
--- !u!4 &1970478794
Transform:
  m_ObjectHideFlags: 0
  m_PrefabParentObject: {fileID: 0}
  m_PrefabInternal: {fileID: 0}
  m_GameObject: {fileID: 1970478792}
  m_LocalRotation: {x: 0, y: 0, z: 0, w: 1}
  m_LocalPosition: {x: 10.4486904, y: 20, z: -3.34259248}
  m_LocalScale: {x: 1, y: 1, z: 1}
  m_Children: []
  m_Father: {fileID: 0}
